% Encoding: UTF-8

@Online{Ban20,
  author   = {Dr. Andrea Bannert},
  keywords = {online},
  language = {Deutsch},
  month    = may,
  title    = {So gesund ist Sonne},
  url      = {https://www.netdoktor.de/praevention/so-gesund-ist-sonne/},
  urldate  = {2021-03-20},
  year     = {2020},
}

@Misc{LeIn,
  author   = {Leon Enzenberger},
  title    = {User Interface},
  year     = {2021},
  keywords = {image},
}

@Misc{LePr,
  author   = {Leon Enzenberger},
  title    = {Functionsprinzip Bel√§uchtung},
  year     = {2021},
  keywords = {image},
}

@Online{Perks20,
  author   = {Matthew Perks},
  keywords = {online},
  language = {Englisch},
  month    = oct,
  title    = {Building an artificial sun that looks unbelievably realistic...},
  url      = {https://www.youtube.com/watch?v=6bqBsHSwPgw},
  urldate  = {2021-03-20},
  year     = {2020},
}

@Comment{jabref-meta: databaseType:bibtex;}
